Automatically generated by Mendeley Desktop 1.19.8
Any changes to this file will be lost if it is regenerated by Mendeley.

BibTeX export options can be customized via Options -> BibTeX in Mendeley Desktop

@misc{a,
title = {{How WhatsApp is enabling end-to-end encrypted backups}},
url = {https://engineering.fb.com/2021/09/10/security/whatsapp-e2ee-backups/},
urldate = {2023-02-08}
}
